@article{basit2021comprehensive,
  title={A comprehensive survey of AI-enabled phishing attacks detection techniques},
  author={Basit, Abdul and Zafar, Maham and Liu, Xuan and Javed, Abdul Rehman and Jalil, Zunera and Kifayat, Kashif},
  journal={Telecommunication Systems},
  volume={76},
  pages={139--154},
  year={2021},
  publisher={Springer}
}
@article{Lauriola2021An,title={An introduction to Deep Learning in Natural Language Processing: Models, techniques, and tools},author={Ivano Lauriola and A. Lavelli and F. Aiolli},journal={Neurocomputing},year={2021},volume={470},pages={443-456},doi={10.1016/j.neucom.2021.05.103}}
@article{Wang2020Feature,title={Feature Extraction and Analysis of Natural Language Processing for Deep Learning English Language},author={Dongyang Wang and Junli Su and Hongbin Yu},journal={IEEE Access},year={2020},volume={8},pages={46335-46345},doi={10.1109/ACCESS.2020.2974101}}
@article{Karim2019A,title={A Comprehensive Survey for Intelligent Spam Email Detection},author={Asif Karim and S. Azam and Bharanidharan Shanmugam and K. Kannoorpatti and M. Alazab},journal={IEEE Access},year={2019},volume={7},pages={168261-168295},doi={10.1109/ACCESS.2019.2954791}}
@article{Jalil2022Highly,title={Highly accurate phishing URL detection based on machine learning},author={Sajjad Jalil and Muhammad Usman and A. Fong},journal={Journal of Ambient Intelligence and Humanized Computing},year={2022},volume={14},pages={9233-9251},doi={10.1007/s12652-022-04426-3}}
@article{Alsariera2020AI,title={AI Meta-Learners and Extra-Trees Algorithm for the Detection of Phishing Websites},author={Y. Alsariera and V. E. Adeyemo and A. Balogun and A. K. Alazzawi},journal={IEEE Access},year={2020},volume={8},pages={142532-142542},doi={10.1109/ACCESS.2020.3013699}}
@article{Basit2020A,title={A comprehensive survey of AI-enabled phishing attacks detection techniques},author={A. Basit and Maham Zafar and Xuan Liu and A. R. Javed and Z. Jalil and K. Kifayat},journal={Telecommunication Systems},year={2020},volume={76},pages={139 - 154},doi={10.1007/s11235-020-00733-2}}
@article{Sameen2020PhishHaven—An,title={PhishHaven—An Efficient Real-Time AI Phishing URLs Detection System},author={Maria Sameen and Kyunghyun Han and S. Hwang},journal={IEEE Access},year={2020},volume={8},pages={83425-83443},doi={10.1109/ACCESS.2020.2991403}}
@article{Kumar2024What,title={What The Phish! Effects of AI on Phishing Attacks and Defense},author={Shreyas Kumar and Anisha Menezes and Sarthak Giri and Srujan D. Kotikela},journal={International Conference on AI Research},year={2024},doi={10.34190/icair.4.1.3224}}
@article{Chinnasamy2024AI,title={AI Enhanced Phishing Detection System},author={P. Chinnasamy and P.Krishnamoorthy and K. Alankruthi and T. Mohanraj and B. Kumar and Likha Chandran},journal={2024 Third International Conference on Intelligent Techniques in Control, Optimization and Signal Processing (INCOS)},year={2024},pages={1-5},doi={10.1109/INCOS59338.2024.10527485}}
@article{Murti2023Machine,title={Machine Learning Algorithms for Phishing Email Detection},author={Yoga Shri Murti and Palanichamy Naveen},journal={Journal of Logistics, Informatics and Service Science},year={2023},doi={10.33168/jliss.2023.0217}}
